@article{wilson2012review,
  title={A review of Facebook research in the social sciences},
  author={Wilson, Robert E and Gosling, Samuel D and Graham, Lindsay T},
  journal={Perspectives on psychological science},
  volume={7},
  number={3},
  pages={203--220},
  year={2012},
  publisher={Sage Publications Sage CA: Los Angeles, CA}
}
@article{farias2016irony,
  title={Irony detection in Twitter: The role of affective content},
  author={Far{\'\i}as, Delia Iraz{\'u} Herna{\'n}dez and Patti, Viviana and Rosso, Paolo},
  journal={ACM Transactions on Internet Technology (TOIT)},
  volume={16},
  number={3},
  pages={19},
  year={2016},
  publisher={ACM}
}
@article{feldman2013techniques,
  title={Techniques and applications for sentiment analysis},
  author={Feldman, Ronen},
  journal={Communications of the ACM},
  volume={56},
  number={4},
  pages={82--89},
  year={2013},
  publisher={ACM}
}
@inproceedings{maynard2014cares,
  title={Who cares about Sarcastic Tweets? Investigating the Impact of Sarcasm on Sentiment Analysis.},
  author={Maynard, Diana and Greenwood, Mark A},
  booktitle={LREC},
  pages={4238--4243},
  year={2014}
}
@inproceedings{bamman2015contextualized,
  title={Contextualized Sarcasm Detection on Twitter.},
  author={Bamman, David and Smith, Noah A},
  booktitle={ICWSM},
  pages={574--577},
  year={2015}
}
@inproceedings{joshi2015harnessing,
  title={Harnessing Context Incongruity for Sarcasm Detection.},
  author={Joshi, Aditya and Sharma, Vinita and Bhattacharyya, Pushpak},
  booktitle={ACL (2)},
  pages={757--762},
  year={2015}
}
@article{mueller2016positive,
  title={Positive feedback loops: Sarcasm and the pseudo-argument in Reddit communities},
  author={Mueller, Christopher},
  journal={Working Papers in TESOL and Applied Linguistics},
  volume={16},
  number={2},
  pages={84--97},
  year={2016}
}
@article{argueta2016multilingual,
  title={Multilingual emotion classifier using unsupervised pattern extraction from microblog data},
  author={Argueta, Carlos and Calderon, Fernando H and Chen, Yi-Shin},
  journal={Intelligent Data Analysis},
  volume={20},
  number={6},
  pages={1477--1502},
  year={2016},
  publisher={IOS Press}
}
@inproceedings{davidov2010enhanced,
  title={Enhanced sentiment learning using twitter hashtags and smileys},
  author={Davidov, Dmitry and Tsur, Oren and Rappoport, Ari},
  booktitle={Proceedings of the 23rd international conference on computational linguistics: posters},
  pages={241--249},
  year={2010},
  organization={Association for Computational Linguistics}
}
@article{go2009twitter,
  title={Twitter sentiment classification using distant supervision},
  author={Go, Alec and Bhayani, Richa and Huang, Lei},
  journal={CS224N Project Report, Stanford},
  volume={1},
  number={2009},
  pages={12},
  year={2009}
}
@inproceedings{hu2013unsupervised,
  title={Unsupervised sentiment analysis with emotional signals},
  author={Hu, Xia and Tang, Jiliang and Gao, Huiji and Liu, Huan},
  booktitle={Proceedings of the 22nd international conference on World Wide Web},
  pages={607--618},
  year={2013},
  organization={ACM}
}
@article{wang2016sentiment,
  title={Sentiment and emotion classification over noisy labels},
  author={Wang, Yaowei and Rao, Yanghui and Zhan, Xueying and Chen, Huijun and Luo, Maoquan and Yin, Jian},
  journal={Knowledge-Based Systems},
  volume={111},
  pages={207--216},
  year={2016},
  publisher={Elsevier}
}
@inproceedings{zhao2012moodlens,
  title={Moodlens: an emoticon-based sentiment analysis system for chinese tweets},
  author={Zhao, Jichang and Dong, Li and Wu, Junjie and Xu, Ke},
  booktitle={Proceedings of the 18th ACM SIGKDD international conference on Knowledge discovery and data mining},
  pages={1528--1531},
  year={2012},
  organization={ACM}
}
@article{fan2014anger,
  title={Anger is more influential than joy: Sentiment correlation in Weibo},
  author={Fan, Rui and Zhao, Jichang and Chen, Yan and Xu, Ke},
  journal={PloS one},
  volume={9},
  number={10},
  pages={e110184},
  year={2014},
  publisher={Public Library of Science}
}
@article{lipsman2012power,
  title={The power of “Like”},
  author={Lipsman, Andrew and Mudd, Graham and Rich, Mike and Bruich, Sean},
  journal={Journal of Advertising research},
  volume={52},
  number={1},
  pages={40--52},
  year={2012},
  publisher={Journal of Advertising Research}
}
@article{ortigosa2014sentiment,
  title={Sentiment analysis in Facebook and its application to e-learning},
  author={Ortigosa, Alvaro and Mart{\'\i}n, Jos{\'e} M and Carro, Rosa M},
  journal={Computers in Human Behavior},
  volume={31},
  pages={527--541},
  year={2014},
  publisher={Elsevier}
}
@incollection{tang2013emotion,
  title={Learning sentence representation for emotion classification on microblogs},
  author={Tang, Duyu and Qin, Bing and Liu, Ting and Li, Zhenghua},
  booktitle={Natural Language Processing and Chinese Computing},
  pages={212--223},
  year={2013},
  publisher={Springer}
}
@article{rangel2013emotion,
  title={On the identification of emotions and authors' gender in facebook comments on the basis of their writing style},
  author={Rangel, Francisco and Rosso, Paolo},
  booktitle={proc.: Emotion and Sentiment in Social and Expressive Media: approaches and perspectives from AI. ESSEM 2013 at XIII Conference of the Italian Association for Artificial Intelligence},
  pages={4--6},
  year={2013}
}
@inproceedings{wang2012emotion,
  title={Harnessing twitter" big data" for automatic emotion identification},
  author={Wang, Wenbo and Chen, Lu and Thirunarayan, Krishnaprasad and Sheth, Amit P},
  booktitle={Privacy, Security, Risk and Trust (PASSAT), 2012 International Conference on and 2012 International Confernece on Social Computing (SocialCom)},
  pages={587--592},
  year={2012},
  organization={IEEE}
}
@article{quan2010emotion,
  title={A blog emotion corpus for emotional expression analysis in Chinese},
  author={Quan, Changqin and Ren, Fuji},
  journal={Computer Speech \& Language},
  volume={24},
  number={4},
  pages={726--749},
  year={2010},
  publisher={Elsevier}
}
@article{reyes2012humor,
  title={From humor recognition to irony detection: The figurative language of social media},
  author={Reyes, Antonio and Rosso, Paolo and Buscaldi, Davide},
  journal={Data \& Knowledge Engineering},
  volume={74},
  pages={1--12},
  year={2012},
  publisher={Elsevier}
}
@inproceedings{rajadesingan2015sarcasm,
  title={Sarcasm detection on twitter: A behavioral modeling approach},
  author={Rajadesingan, Ashwin and Zafarani, Reza and Liu, Huan},
  booktitle={Proceedings of the Eighth ACM International Conference on Web Search and Data Mining},
  pages={97--106},
  year={2015},
  organization={ACM}
}
@inproceedings{riloff2013sarcasm,
  title={Sarcasm as Contrast between a Positive Sentiment and Negative Situation.},
  author={Riloff, Ellen and Qadir, Ashequl and Surve, Prafulla and De Silva, Lalindra and Gilbert, Nathan and Huang, Ruihong},
  booktitle={EMNLP},
  volume={13},
  pages={704--714},
  year={2013}
}
@inproceedings{gonzalez2011identifying,
  title={Identifying sarcasm in Twitter: a closer look},
  author={Gonz{\'a}lez-Ib{\'a}nez, Roberto and Muresan, Smaranda and Wacholder, Nina},
  booktitle={Proceedings of the 49th Annual Meeting of the Association for Computational Linguistics: Human Language Technologies: Short Papers-Volume 2},
  pages={581--586},
  year={2011},
  organization={Association for Computational Linguistics}
}
@inproceedings{bharti2015parsing,
  title={Parsing-based sarcasm sentiment recognition in twitter data},
  author={Bharti, Santosh Kumar and Babu, Korra Sathya and Jena, Sanjay Kumar},
  booktitle={Advances in Social Networks Analysis and Mining (ASONAM), 2015 IEEE/ACM International Conference on},
  pages={1373--1380},
  year={2015},
  organization={IEEE}
}
@inproceedings{lunando2013indonesian,
  title={Indonesian social media sentiment analysis with sarcasm detection},
  author={Lunando, Edwin and Purwarianti, Ayu},
  booktitle={Advanced Computer Science and Information Systems (ICACSIS), 2013 International Conference on},
  pages={195--198},
  year={2013},
  organization={IEEE}
}
@article{liebrecht2013perfect,
  title={The perfect solution for detecting sarcasm in tweets\# not},
  author={Liebrecht, CC and Kunneman, FA and van Den Bosch, APJ},
  year={2013},
  publisher={New Brunswick, NJ: ACL}
}
@inproceedings{ptacek2014sarcasm,
  title={Sarcasm Detection on Czech and English Twitter.},
  author={Pt{\'a}{\v{c}}ek, Tom{\'a}{\v{s}} and Habernal, Ivan and Hong, Jun},
  booktitle={Proceedings of COLING 2014, the 25th International Conference on Computational Linguistics: Technical Papers},
  pages={213--223},
  year={2014}
}
@inproceedings{liu2014sarcasm,
  title={Sarcasm detection in social media based on imbalanced classification},
  author={Liu, Peng and Chen, Wei and Ou, Gaoyan and Wang, Tengjiao and Yang, Dongqing and Lei, Kai},
  booktitle={International Conference on Web-Age Information Management},
  pages={459--471},
  year={2014},
  organization={Springer}
}
@article{ashok2017sarcasm,
  title={Detection of Textual Sarcasm on Social Media through Emotion Analysis},
  author={Ashok Kumar Raju and Yi-Shin Chen},
  journal={},
  volume={},
  number={},
  year={2017}
}